<?xml version="1.0"?>
<marc:records xmlns:marc="http://www.loc.gov/MARC21/slim" xmlns:xsi="http://www.w3.org/2001/XMLSchema-instance" xsi:schemaLocation="http://www.loc.gov/MARC21/slim http://www.loc.gov/standards/marcxml/schema/MARC21slim.xsd">
  <marc:record>
    <marc:leader>06011ntm a2200385Ia 4500</marc:leader>
    <marc:controlfield tag="001">9977505028403681</marc:controlfield>
    <marc:controlfield tag="005">20190730142600.0</marc:controlfield>
    <marc:controlfield tag="008">190402q18371850fr            000 0 yid d</marc:controlfield>
    <marc:datafield ind1=" " ind2=" " tag="035">
  <marc:subfield code="a">(OCoLC)1091194757</marc:subfield>
</marc:datafield>
    <marc:datafield ind1=" " ind2=" " tag="035">
  <marc:subfield code="a">(OCoLC)on1091194757</marc:subfield>
</marc:datafield>
    <marc:datafield ind1=" " ind2=" " tag="040">
  <marc:subfield code="a">PAU</marc:subfield>
  <marc:subfield code="b">eng</marc:subfield>
  <marc:subfield code="c">PAU</marc:subfield>
  <marc:subfield code="e">dacs</marc:subfield>
  <marc:subfield code="d">PAU</marc:subfield>
</marc:datafield>
    <marc:datafield ind1="0" ind2=" " tag="041">
  <marc:subfield code="a">yid</marc:subfield>
  <marc:subfield code="a">heb</marc:subfield>
  <marc:subfield code="a">fre</marc:subfield>
  <marc:subfield code="a">ger</marc:subfield>
</marc:datafield>
    <marc:datafield ind1=" " ind2="9" tag="099">
  <marc:subfield code="a">CAJS Rar Ms 485</marc:subfield>
</marc:datafield>
    <marc:datafield ind1="0" ind2="0" tag="245">
  <marc:subfield code="6">880-01</marc:subfield>
  <marc:subfield code="a">Pink&#x323;as ha-k&#x323;ahal shel Hart&#x323;mansv&#x323;iler / na&#x2BB;as&#x301;ah bi-shenat 598 ...,</marc:subfield>
  <marc:subfield code="f">1837-1850.</marc:subfield>
</marc:datafield>
    <marc:datafield ind1=" " ind2=" " tag="300">
  <marc:subfield code="a">40 leaves :</marc:subfield>
  <marc:subfield code="b">paper ;</marc:subfield>
  <marc:subfield code="c">210 x 165 (195 x 150) mm bound to 210 x 170 mm.</marc:subfield>
</marc:datafield>
    <marc:datafield ind1=" " ind2=" " tag="500">
  <marc:subfield code="a">Ms. codex.</marc:subfield>
</marc:datafield>
    <marc:datafield ind1=" " ind2=" " tag="524">
  <marc:subfield code="a">UPenn CAJS Rar Ms 485.</marc:subfield>
</marc:datafield>
    <marc:datafield ind1=" " ind2=" " tag="546">
  <marc:subfield code="a">In Yiddish with Hebrew title, and a few words in French and German.</marc:subfield>
</marc:datafield>
    <marc:datafield ind1="1" ind2=" " tag="561">
  <marc:subfield code="a">Presented to the Penn Libraries in 2018 by Joseph and Susan Moldovan (C'76).</marc:subfield>
</marc:datafield>
    <marc:datafield ind1=" " ind2="0" tag="650">
  <marc:subfield code="a">Pinkasim</marc:subfield>
  <marc:subfield code="y">19th century.</marc:subfield>
</marc:datafield>
    <marc:datafield ind1=" " ind2="0" tag="650">
  <marc:subfield code="a">Jews</marc:subfield>
  <marc:subfield code="z">France</marc:subfield>
  <marc:subfield code="z">Hartmannswiller</marc:subfield>
  <marc:subfield code="y">19th century.</marc:subfield>
</marc:datafield>
    <marc:datafield ind1=" " ind2="0" tag="651">
  <marc:subfield code="a">Soultz-Haut-Rhin (France : Canton)</marc:subfield>
  <marc:subfield code="x">History</marc:subfield>
  <marc:subfield code="v">Sources.</marc:subfield>
</marc:datafield>
    <marc:datafield ind1=" " ind2="7" tag="655">
  <marc:subfield code="a">Codices (bound manuscripts)</marc:subfield>
  <marc:subfield code="2">aat</marc:subfield>
</marc:datafield>
    <marc:datafield ind1=" " ind2="7" tag="655">
  <marc:subfield code="a">Bylaws (administrative records)</marc:subfield>
  <marc:subfield code="2">aat</marc:subfield>
</marc:datafield>
    <marc:datafield ind1=" " ind2="7" tag="655">
  <marc:subfield code="a">Financial records.</marc:subfield>
  <marc:subfield code="2">aat</marc:subfield>
</marc:datafield>
    <marc:datafield ind1=" " ind2="0" tag="655">
  <marc:subfield code="a">Manuscripts, Yiddish</marc:subfield>
  <marc:subfield code="y">19th century.</marc:subfield>
</marc:datafield>
    <marc:datafield ind1="1" ind2=" " tag="700">
  <marc:subfield code="a">Moldovan, Joseph,</marc:subfield>
  <marc:subfield code="e">donor.</marc:subfield>
</marc:datafield>
    <marc:datafield ind1="1" ind2=" " tag="700">
  <marc:subfield code="a">Moldovan, Susan,</marc:subfield>
  <marc:subfield code="e">donor.</marc:subfield>
</marc:datafield>
    <marc:datafield ind1="2" ind2=" " tag="710">
  <marc:subfield code="a">Moldovan Family Judaica Collection (University of Pennsylvania)</marc:subfield>
  <marc:subfield code="5">PU</marc:subfield>
</marc:datafield>
    <marc:datafield ind1="0" ind2="0" tag="773">
  <marc:subfield code="t">Moldovan Family Judaica Collection (University of Pennsylvania)</marc:subfield>
</marc:datafield>
    <marc:datafield ind1=" " ind2=" " tag="852">
  <marc:subfield code="b">Library at the Herbert D. Katz Center for Advanced Judaic Studies</marc:subfield>
  <marc:subfield code="a">University of Pennsylvania</marc:subfield>
  <marc:subfield code="e">420 Walnut Street, Philadelphia, Pennsylvania 19106-3703.</marc:subfield>
  <marc:subfield code="j">CAJS Rar Ms 485</marc:subfield>
</marc:datafield>
    <marc:datafield ind1="0" ind2="0" tag="880">
  <marc:subfield code="6">245-01//r</marc:subfield>
  <marc:subfield code="a">&#x5E4;&#x5E0;&#x5E7;&#x5E1; &#x5D4;&#x5E7;&#x5D4;&#x5DC; &#x5E9;&#x5DC; &#x5D4;&#xFB2E;&#x5E8;&#x5D8;&#x5DE;&#xFB2E;&#x5E0;&#x5E0;&#x5E1;&#x5D5;&#x5D5;&#x5D9;&#x5DC;&#x5DC;&#x5E2;&#x5E8; / &#x5E0;&#x5E2;&#x5E9;&#x5D4; &#x5D1;&#x5E9;&#x5E0;&#x5EA; &#x5EA;&#x5E7;&#x5E6;"&#x5D7; ...,</marc:subfield>
  <marc:subfield code="f">1837-1850.</marc:subfield>
</marc:datafield>
    <marc:datafield ind1=" " ind2=" " tag="880">
  <marc:subfield code="6">520-00//r</marc:subfield>
  <marc:subfield code="a">This manuscript is a pink&#x323;as, or community record, for the community of Hartmannsweiler (today Hartmannswiller, a commune in the Haut-Rhin department in Alsace on the upper portion of the Rhine in northeastern France); the scribe identifies himself as Refa&#x2BC;el Wormser of the rabbinate of Sulz (today Soultz-Haut-Rhin, a canton directly north of Hartmannswiller, and a more established and historical Jewish settlement); the Hartmannswiller community appointed him to serve them as well due to the absence of a rabbinate there (likely because of its tiny size; "&#x2BB;al yede ha-moreh h&#x323;.m. (h&#x323;aser mi-mek&#x323;omam) asher anshe ha-k&#x323;ahal ha-zeh &#x2BB;omdim be-gevul rabanutan ha-k&#x323;. Refa&#x2BC;el V&#x323;aorms&#x2BB;er," f. 1r). The manuscript serves as an account of synagogue life in rural 19th-century Alsace. It begins with a census of the town notables in 1837: Yona Bacharach, the official synagogue president (&#x5D0;&#x5D5;&#x5D9;&#x5E4;&#x5D1;&#x5D9;&#x5DB;&#x5D8;&#x5E1; &#x5E7;&#x5D0;&#x5DE;&#x5DE;&#x5D9;&#x5E1;&#x5D0;&#x5B6;&#x5D4;&#x5E8; &#x5D3;&#x5E2;&#x5E8; &#x5D6;&#x5D9;&#x5E0;&#x5D0;&#x5D2;&#x5E2;&#x5D2;&#x5E2;), Avraham Elias, Isak and Avraham Grumbach, Monnl Weill, Yehi'el Dreifus, Me'ir Hecker, Isak-Lo&#x308;b Netter, Elia Bichard (&#x5D1;&#x5D9;&#x5E7;&#x5D0;&#x5E8;&#x5D3;), and "the woman" (&#x5D5;&#x5D4;&#x5D0;&#x5E9;&#x5D4;) Treitl Wormser, Isak Bichard's widow; following is a description of sums and donations for the community synagogue building. Following is a constitution for the new synagogue building, including seat placements (with names and seats delineated; surprisingly, Treitl Wormser appears to have been given a seat in the men's section, f. 2v, last line of article 2), design, the women's section, the synagogue fee for upkeep, the synagogue watchman, the creation of a mikvah (ritual bath), and the creation of a fund for the purchase of holy items (such as books, Torahs, and ritual items); these have numbered indents with "Art&#x323;ik&#x323;&#x2BB;al" (&#x5D0;&#x5E8;&#x5D8;&#x5D9;&#x5E7;&#x5E2;&#x5DC;) heading each entry, and a running combination of square and cursive Yiddish; it is signed at the end by all of the aformentioned community notables and signed on Sunday, 17 Tevet 598 (14 January 1838, f. 3v). Additional articles (including the induction of a new member to the committee, Mendele Kohn of Steinbrunn-le-Haut, France) were introduced on Sunday, 15 Elul 599 (25 August 1839, f. 4r); also signed at the bottom by names mentioned in the articles. Records of alms and loans to needy recipients from a community fund, with witness signatures, follow (f. 6v-7v).The record also includes a list of ordinances, and also fines (k&#x323;enasot) for various infractions, all measured in centimes and francs (f. 16r-16v). For example, missing the penitential prayers on the eve of Rosh H&#x323;odesh, or not learning in the synagogue on the afternoon of the Sabbath; for ordinances, the establishment of study groups and a burial society (H&#x323;evra k&#x323;adisha) and the community's mandatory donations, written in a minuscule Yiddish cursive over distinct ruling; this portion is signed by Ya'akov Ullman, the cantor and schoolteacher in Hartmannswiller, on Sunday, 7 Iyyar 5606 (10 May 1846), and signed below by many more members of the committee (including only those not mentioned previously): Ya&#x2B9;akov Tsevi Grumbach, David Bichard, Feyes and Me'ir Bacharach, and Avraham b. Yitshak-Aryeh (f.16v). Following is another constitution ratified on 4 November 1848, and a wider Yiddish cursive is used over distinct ruling with the German "Artikel" numbering each entry (f. 17v-18r). There are two sections of blank folios (f. 8r-15v, 18v-40v). Modern foliation written in pencil on upper left recto. Likely original binding, leather spine over marbled boards, with remnants of a leather tie on the middle of the fore edge of the boards.</marc:subfield>
</marc:datafield>
    <marc:datafield ind1=" " ind2=" " tag="948">
  <marc:subfield code="h">HELD BY PAU - 0 OTHER HOLDINGS</marc:subfield>
</marc:datafield>
    <marc:datafield ind1=" " ind2=" " tag="994">
  <marc:subfield code="a">Z0</marc:subfield>
  <marc:subfield code="b">PAU</marc:subfield>
</marc:datafield>
    <marc:datafield ind1=" " ind2=" " tag="996">
  <marc:subfield code="a">hinge-right</marc:subfield>
</marc:datafield>
    <marc:holdings>
      <marc:holding>
        <marc:holding_id>22583781410003681</marc:holding_id>
        <marc:call_number>CAJS Rar Ms 485</marc:call_number>
        <marc:library>KatzLib</marc:library>
        <marc:location>cjsrarms</marc:location>
      </marc:holding>
    </marc:holdings>
  </marc:record>
</marc:records>
